<record xmlns="http://www.loc.gov/MARC21/slim" xmlns:xsi="http://www.w3.org/2001/XMLSchema-instance" xsi:schemaLocation="http://www.loc.gov/MARC21/slim http://www.loc.gov/standards/marcxml/schema/MARC21slim.xsd">

  <leader>00357nam a2200145Ia 4500</leader>
  <datafield ind1=" " tag="999" ind2=" ">
    <subfield code="c">949</subfield>
    <subfield code="d">949</subfield>
  </datafield>
  <controlfield tag="008">170912b2003    cr ||||| |||| 00| | spa d</controlfield>
  <datafield ind1=" " ind2=" " tag="020">
    <subfield code="a">9977130108</subfield>
  </datafield>
  <datafield ind1=" " tag="090" ind2=" ">
    <subfield code="a">04.01.02   </subfield>
    <subfield code="b">656</subfield>
  </datafield>
  <datafield ind1="1" ind2=" " tag="110">
    <subfield code="a">Costa Rica. Leyes, Decretos, etc.</subfield>
    <subfield code="9">1370</subfield>
  </datafield>
  <datafield ind2="0" tag="245" ind1="1">
    <subfield code="a">Código de Trabajo /</subfield>
  </datafield>
  <datafield tag="260" ind2=" " ind1=" ">
    <subfield code="a">San José, Costa Rica:</subfield>
    <subfield code="b">IJSA, </subfield>
    <subfield code="c">2003</subfield>
  </datafield>
  <datafield ind1=" " ind2=" " tag="300">
    <subfield code="a">342 páginas</subfield>
  </datafield>
  <datafield ind1="1" ind2="4" tag="650">
    <subfield code="a">DERECHO</subfield>
    <subfield code="9">823</subfield>
  </datafield>
  <datafield ind2="4" tag="650" ind1="1">
    <subfield code="a">LEGISLACIÓN</subfield>
    <subfield code="9">45</subfield>
  </datafield>
  <datafield ind2="4" tag="651" ind1=" ">
    <subfield code="9">47</subfield>
    <subfield code="a">COSTA RICA</subfield>
  </datafield>
  <datafield tag="942" ind2=" " ind1=" ">
    <subfield code="2">z</subfield>
    <subfield code="c">01</subfield>
  </datafield>
</record>